<?xml version="1.0" encoding="UTF-8"?><collection xmlns="http://www.loc.gov/MARC21/slim"><record><leader>00359nam--2200121-i-4500</leader><controlfield tag="001">000010458</controlfield><controlfield tag="002">20161230</controlfield><controlfield tag="005">20161230201028</controlfield><controlfield tag="008">060222s1000------------r-----000-0-eng-d</controlfield><datafield ind1=" " ind2=" " tag="080"><subfield code="a">002:658</subfield></datafield><datafield ind1=" " ind2=" " tag="245"><subfield code="a">Bazele informarii documentare tehnico-stiintif ice vol.iii: metode de difuzare a informatiilor tehnico-stiintifice</subfield></datafield><datafield ind1=" " ind2=" " tag="260"><subfield code="a">Bucuresti, I.D.T</subfield></datafield><datafield ind1=" " ind2=" " tag="852"><subfield code="a">34992</subfield></datafield></record></collection>